@article{Planck2018,
    author         = "{Planck Collaboration} and Aghanim, N. and others",
    title          = "{Planck 2018 results. VI. Cosmological parameters}",
    journal        = "Astron. Astrophys.",
    volume         = "641",
    year           = "2020",
    pages          = "A6",
    doi            = "10.1051/0004-6361/201833910",
    eprint         = "1807.06209",
    archivePrefix  = "arXiv",
    primaryClass   = "astro-ph.CO"
}

@article{PantheonPlus,
    author         = "{Scolnic}, D. and {Brout}, D. and {Carr}, A. and {Riess}, A.~G. and {Davis}, T.~M. and {Dwomoh}, A. and {Jones}, D.~O. and {Ali}, A. and {Chen}, R. and {Peterson}, E. and others",
    title          = "{The Pantheon+ Analysis: The Full Dataset of 1701 Type Ia Supernovae}",
    journal        = "Astrophys. J.",
    volume         = "938",
    number         = "2",
    pages          = "113",
    year           = "2022",
    doi            = "10.3847/1538-4357/ac8b7a",
    eprint         = "2202.04077",
    archivePrefix  = "arXiv",
    primaryClass   = "astro-ph.CO"
}

@software{emcee,
    author       = {Foreman-Mackey, Daniel and Hogg, David W. and Lang, Dustin and Goodman, Jonathan},
    title        = {emcee: The MCMC Hammer},
    month        = mar,
    year         = 2013,
    publisher    = {Zenodo},
    version      = {v1.0.1},
    doi          = {10.5281/zenodo.11822},
    url          = {https://doi.org/10.5281/zenodo.11822}
}

@article{BAO_compilation,
    author         = "{Alam}, S. and {Ata}, M. and {Bailey}, S. and {Beutler}, F. and {Bizyaev}, D. and {Blazek}, J.~A. and {Bolton}, A.~S. and {Brownstein}, J.~R. and {Burden}, A. and {Chuang}, C. -H. and others",
    title          = "{The clustering of galaxies in the completed SDSS-III Baryon Oscillation Spectroscopic Survey: cosmological analysis of the DR12 galaxy sample}",
    journal        = "Mon. Not. R. Astron. Soc.",
    volume         = "470",
    number         = "3",
    pages          = "2617-2652",
    year           = "2017",
    doi            = "10.1093/mnras/stx721",
    eprint         = "1607.03155",
    archivePrefix  = "arXiv",
    primaryClass   = "astro-ph.CO"
}

@software{CLASS,
    author         = {Blas, D. and Lesgourgues, J. and Tram, T.},
    title          = "{The Cosmic Linear Anisotropy Solving System (CLASS) II: Approximation schemes}",
    journal        = "J. Cosmol. Astropart. Phys.",
    volume         = "2011",
    number       = "07",
    pages          = "034",
    year           = "2011",
    doi            = "10.1088/1475-7516/2011/07/034"
}